<?xml version="1.0" encoding="UTF-8"?><collection xmlns="http://www.loc.gov/MARC21/slim"><record><leader>00633nam--2200181-i-4500</leader><controlfield tag="001">000022534</controlfield><controlfield tag="002">20161230</controlfield><controlfield tag="005">20161230201034</controlfield><controlfield tag="008">060222s1000------------r-----000-0-fre-d</controlfield><datafield ind1=" " ind2=" " tag="040"><subfield code="a">IFIN-HH</subfield></datafield><datafield ind1=" " ind2=" " tag="041"><subfield code="a">fre</subfield></datafield><datafield ind1=" " ind2=" " tag="080"><subfield code="a">539.1.074.5</subfield></datafield><datafield ind1="1" ind2=" " tag="100"><subfield code="a">Grenier, Gerard</subfield></datafield><datafield ind1="1" ind2="0" tag="245"><subfield code="a">Utilisation des detecteurs a jonction au silicium pour l`etude des reactions nucleaires (n25alfa). application aux reactions si28 (n alfa) mg25 et si29 (n alfa) mg26</subfield><subfield code="b">These</subfield><subfield code="c">Gerard grenier</subfield></datafield><datafield ind1=" " ind2=" " tag="260"><subfield code="a">Lyon</subfield><subfield code="b">La Faculte Des Sciences De L`Universite De Lyon</subfield><subfield code="c">1962</subfield></datafield><datafield ind1=" " ind2=" " tag="300"><subfield code="a">57P</subfield></datafield><datafield ind1=" " ind2=" " tag="852"><subfield code="a">22867</subfield><subfield code="c">539.1.07:539.1.08</subfield></datafield><datafield ind1=" " ind2=" " tag="CAT"><subfield code="a">Sys</subfield><subfield code="c">20111019</subfield><subfield code="h">105223</subfield></datafield></record></collection>